 @inproceedings{DBLP:conf/coordination/DominiAEV24,
  author       = {Davide Domini and
                  Gianluca Aguzzi and
                  Lukas Esterle and
                  Mirko Viroli},
  editor       = {Ilaria Castellani and
                  Francesco Tiezzi},
  title        = {Field-Based Coordination for Federated Learning},
  booktitle    = {Coordination Models and Languages - 26th {IFIP} {WG} 6.1 International
                  Conference, {COORDINATION} 2024, Held as Part of the 19th International
                  Federated Conference on Distributed Computing Techniques, DisCoTec
                  2024, Groningen, The Netherlands, June 17-21, 2024, Proceedings},
  series       = {Lecture Notes in Computer Science},
  volume       = {14676},
  pages        = {56--74},
  publisher    = {Springer},
  year         = {2024},
  url          = {https://doi.org/10.1007/978-3-031-62697-5\_4},
  doi          = {10.1007/978-3-031-62697-5\_4},
  timestamp    = {Wed, 19 Jun 2024 22:24:12 +0200},
  biburl       = {https://dblp.org/rec/conf/coordination/DominiAEV24.bib},
  bibsource    = {dblp computer science bibliography, https://dblp.org}
}

@inproceedings{DBLP:conf/acsos/DominiFAVE24,
author       = {Davide Domini and
                  Nicolas Farabegoli and
                  Gianluca Aguzzi and
                  Mirko Viroli and
                  Lukas Esterle},
title        = {Proximity-based Self-Federated Learning},
booktitle    = {{IEEE} International Conference on Autonomic Computing and Self-Organizing
                  Systems, {ACSOS} 2024, Aarhus, Denmark, September 16-20 2024},
publisher    = {{IEEE}},
year         = {2024},
url          = {to appear},
doi          = {to appear},
biburl       = {to appear},
bibsource    = {dblp computer science bibliography, https://dblp.org}
}

@inproceedings{DBLP:conf/acsos/Domini24,
author       = {Davide Domini},
title        = {Towards Self-Adaptive Cooperative Learning in Collective Systems},
booktitle    = {{IEEE} International Conference on Autonomic Computing and Self-Organizing
                  Systems, {ACSOS} 2024, Aarhus, Denmark, September 16-20 2024},
publisher    = {{IEEE}},
year         = {2024},
url          = {to appear},
doi          = {to appear},
biburl       = {to appear},
bibsource    = {dblp computer science bibliography, https://dblp.org}
}

@inproceedings{DBLP:conf/dsrt/DominiAPV24,
author       = {Davide Domini and
                Gianluca Aguzzi and
                Danilo Pianini and
                Mirko Viroli},
title        = {A Reusable Simulation Pipeline for Many-Agent Reinforcement Learning},
booktitle    = {{IEEE} 28th International Symposium on Distributed Simulation and Real Time Applications (DS-RT 2024), Urbino, Italy, October 7-9 2024},
publisher    = {{IEEE}},
year         = {2024},
url          = {to appear},
doi          = {to appear},
biburl       = {to appear},
bibsource    = {dblp computer science bibliography, https://dblp.org}
}

@inproceedings{DBLP:conf/coordination/DominiCAV23,
  author       = {Davide Domini and
                  Filippo Cavallari and
                  Gianluca Aguzzi and
                  Mirko Viroli},
  editor       = {Sung{-}Shik Jongmans and
                  Ant{\'{o}}nia Lopes},
  title        = {ScaRLib: {A} Framework for Cooperative Many Agent Deep Reinforcement
                  Learning in Scala},
  booktitle    = {Coordination Models and Languages - 25th {IFIP} {WG} 6.1 International
                  Conference, {COORDINATION} 2023, Held as Part of the 18th International
                  Federated Conference on Distributed Computing Techniques, DisCoTec
                  2023, Lisbon, Portugal, June 19-23, 2023, Proceedings},
  series       = {Lecture Notes in Computer Science},
  volume       = {13908},
  pages        = {52--70},
  publisher    = {Springer},
  year         = {2023},
  url          = {https://doi.org/10.1007/978-3-031-35361-1\_3},
  doi          = {10.1007/978-3-031-35361-1\_3},
  timestamp    = {Fri, 07 Jul 2023 23:30:43 +0200},
  biburl       = {https://dblp.org/rec/conf/coordination/DominiCAV23.bib},
  bibsource    = {dblp computer science bibliography, https://dblp.org}
}

@article{DBLP:journals/scp/DominiCAV24,
  author       = {Davide Domini and
                  Filippo Cavallari and
                  Gianluca Aguzzi and
                  Mirko Viroli},
  title        = {ScaRLib: Towards a hybrid toolchain for aggregate computing and many-agent reinforcement learning},
  journal      = {Sci. Comput. Program.},
  volume = {238},
  pages = {103176},
  year         = {2024},
  doi = {https://doi.org/10.1016/j.scico.2024.103176},
  url = {https://www.sciencedirect.com/science/article/pii/S0167642324000996},
  keywords = {Cyber-physical swarms, Macroprogramming, Reinforcement learning},
  bibsource    = {dblp computer science bibliography, https://dblp.org}
}

@inproceedings{DBLP:conf/woa/DominiFAV24,
  author       = {Davide Domini and
                  Nicolas Farabegoli and
                  Gianluca Aguzzi and
                  Mirko Viroli},
  editor       = {Marco Alderighi and
                  Matteo Baldoni and
                  Cristina Baroglio and
                  Roberto Micalizio and
                  Stefano Tedeschi},
  title        = {Towards Intelligent Pulverized Systems: a Modern Approach for Edge-Cloud
                  Services},
  booktitle    = {Proceedings of the 25th Workshop "From Objects to Agents", Bard (Aosta),
                  Italy, July 8-10, 2024},
  series       = {{CEUR} Workshop Proceedings},
  volume       = {3735},
  pages        = {233--251},
  publisher    = {CEUR-WS.org},
  year         = {2024},
  url          = {https://ceur-ws.org/Vol-3735/paper\_19.pdf},
  timestamp    = {Fri, 26 Jul 2024 22:35:03 +0200},
  biburl       = {https://dblp.org/rec/conf/woa/DominiFAV24.bib},
  bibsource    = {dblp computer science bibliography, https://dblp.org}
}

@article{DBLP:journals/computer/Abowd16,
  author       = {Gregory D. Abowd},
  title        = {Beyond Weiser: From Ubiquitous to Collective Computing},
  journal      = {Computer},
  volume       = {49},
  number       = {1},
  pages        = {17--23},
  year         = {2016},
  url          = {https://doi.org/10.1109/MC.2016.22},
  doi          = {10.1109/MC.2016.22},
  timestamp    = {Wed, 12 Aug 2020 10:32:21 +0200},
  biburl       = {https://dblp.org/rec/journals/computer/Abowd16.bib},
  bibsource    = {dblp computer science bibliography, https://dblp.org}
}

@article{DBLP:journals/computer/BealPV15,
  author       = {Jacob Beal and
                  Danilo Pianini and
                  Mirko Viroli},
  title        = {Aggregate Programming for the Internet of Things},
  journal      = {Computer},
  volume       = {48},
  number       = {9},
  pages        = {22--30},
  year         = {2015},
  url          = {https://doi.org/10.1109/MC.2015.261},
  doi          = {10.1109/MC.2015.261},
  timestamp    = {Wed, 12 Aug 2020 10:31:37 +0200},
  biburl       = {https://dblp.org/rec/journals/computer/BealPV15.bib},
  bibsource    = {dblp computer science bibliography, https://dblp.org}
}

@article{DBLP:journals/tocl/AudritoVDPB19,
  author       = {Giorgio Audrito and
                  Mirko Viroli and
                  Ferruccio Damiani and
                  Danilo Pianini and
                  Jacob Beal},
  title        = {A Higher-Order Calculus of Computational Fields},
  journal      = {{ACM} Trans. Comput. Log.},
  volume       = {20},
  number       = {1},
  pages        = {5:1--5:55},
  year         = {2019},
  url          = {https://doi.org/10.1145/3285956},
  doi          = {10.1145/3285956},
  timestamp    = {Sat, 08 Jan 2022 02:24:07 +0100},
  biburl       = {https://dblp.org/rec/journals/tocl/AudritoVDPB19.bib},
  bibsource    = {dblp computer science bibliography, https://dblp.org}
}

@inproceedings{DBLP:conf/aistats/McMahanMRHA17,
  author       = {Brendan McMahan and
                  Eider Moore and
                  Daniel Ramage and
                  Seth Hampson and
                  Blaise Ag{\"{u}}era y Arcas},
  title        = {Communication-Efficient Learning of Deep Networks from Decentralized
                  Data},
  booktitle    = {Proceedings of the International Conference on Artificial Intelligence
                  and Statistics},
  series       = {Proceedings of Machine Learning Research},
  volume       = {54},
  pages        = {1273--1282},
  publisher    = {{PMLR}},
  year         = {2017},
  url          = {http://proceedings.mlr.press/v54/mcmahan17a.html},
  timestamp    = {Wed, 29 May 2019 08:41:44 +0200},
  biburl       = {https://dblp.org/rec/conf/aistats/McMahanMRHA17.bib},
  bibsource    = {dblp computer science bibliography, https://dblp.org}
}

@article{DBLP:journals/softx/CasadeiVAP22,
  author       = {Roberto Casadei and
                  Mirko Viroli and
                  Gianluca Aguzzi and
                  Danilo Pianini},
  title        = {ScaFi: {A} Scala {DSL} and Toolkit for Aggregate Programming},
  journal      = {SoftwareX},
  volume       = {20},
  pages        = {101248},
  year         = {2022},
  url          = {https://doi.org/10.1016/j.softx.2022.101248},
  doi          = {10.1016/J.SOFTX.2022.101248},
  timestamp    = {Fri, 10 Feb 2023 23:34:31 +0100},
  biburl       = {https://dblp.org/rec/journals/softx/CasadeiVAP22.bib},
  bibsource    = {dblp computer science bibliography, https://dblp.org}
}

@article{DBLP:journals/jos/PianiniMV13,
  author       = {Danilo Pianini and
                  Sara Montagna and
                  Mirko Viroli},
  title        = {Chemical-oriented simulation of computational systems with {ALCHEMIST}},
  journal      = {J. Simulation},
  volume       = {7},
  number       = {3},
  pages        = {202--215},
  year         = {2013},
  url          = {https://doi.org/10.1057/jos.2012.27},
  doi          = {10.1057/JOS.2012.27},
  timestamp    = {Fri, 30 Nov 2018 13:25:08 +0100},
  biburl       = {https://dblp.org/rec/journals/jos/PianiniMV13.bib},
  bibsource    = {dblp computer science bibliography, https://dblp.org}
}

@article{DBLP:journals/lmcs/CasadeiMPVZ23,
  author       = {Roberto Casadei and
                  Stefano Mariani and
                  Danilo Pianini and
                  Mirko Viroli and
                  Franco Zambonelli},
  title        = {Space-Fluid Adaptive Sampling by Self-Organisation},
  journal      = {Log. Methods Comput. Sci.},
  volume       = {19},
  number       = {4},
  year         = {2023},
  url          = {https://doi.org/10.46298/lmcs-19(4:29)2023},
  doi          = {10.46298/LMCS-19(4:29)2023},
  timestamp    = {Tue, 23 Jan 2024 09:45:23 +0100},
  biburl       = {https://dblp.org/rec/journals/lmcs/CasadeiMPVZ23.bib},
  bibsource    = {dblp computer science bibliography, https://dblp.org}
}

@article{DBLP:journals/fgcs/QiCGIFP24,
  author       = {Pian Qi and
                  Diletta Chiaro and
                  Antonella Guzzo and
                  Michele Ianni and
                  Giancarlo Fortino and
                  Francesco Piccialli},
  title        = {Model aggregation techniques in federated learning: {A} comprehensive
                  survey},
  journal      = {Future Gener. Comput. Syst.},
  volume       = {150},
  pages        = {272--293},
  year         = {2024},
  url          = {https://doi.org/10.1016/j.future.2023.09.008},
  doi          = {10.1016/J.FUTURE.2023.09.008},
  timestamp    = {Thu, 09 Nov 2023 21:13:41 +0100},
  biburl       = {https://dblp.org/rec/journals/fgcs/QiCGIFP24.bib},
  bibsource    = {dblp computer science bibliography, https://dblp.org}
}

@article{DBLP:journals/csur/Casadei23,
  author       = {Roberto Casadei},
  title        = {Macroprogramming: Concepts, State of the Art, and Opportunities of
                  Macroscopic Behaviour Modelling},
  journal      = {{ACM} Comput. Surv.},
  volume       = {55},
  number       = {13s},
  pages        = {275:1--275:37},
  year         = {2023},
  url          = {https://doi.org/10.1145/3579353},
  doi          = {10.1145/3579353},
  timestamp    = {Wed, 24 Jan 2024 17:49:04 +0100},
  biburl       = {https://dblp.org/rec/journals/csur/Casadei23.bib},
  bibsource    = {dblp computer science bibliography, https://dblp.org}
}

@inproceedings{DBLP:conf/forte/AudritoVDPB19,
  author       = {Giorgio Audrito and
                  Mirko Viroli and
                  Ferruccio Damiani and
                  Danilo Pianini and
                  Jacob Beal},
  editor       = {Jorge A. P{\'{e}}rez and
                  Nobuko Yoshida},
  title        = {On a Higher-Order Calculus of Computational Fields},
  booktitle    = {Formal Techniques for Distributed Objects, Components, and Systems
                  - 39th {IFIP} {WG} 6.1 International Conference, {FORTE} 2019, Held
                  as Part of the 14th International Federated Conference on Distributed
                  Computing Techniques, DisCoTec 2019, Kongens Lyngby, Denmark, June
                  17-21, 2019, Proceedings},
  series       = {Lecture Notes in Computer Science},
  volume       = {11535},
  pages        = {289--292},
  publisher    = {Springer},
  year         = {2019},
  url          = {https://doi.org/10.1007/978-3-030-21759-4\_17},
  doi          = {10.1007/978-3-030-21759-4\_17},
  timestamp    = {Wed, 02 Dec 2020 13:20:40 +0100},
  biburl       = {https://dblp.org/rec/conf/forte/AudritoVDPB19.bib},
  bibsource    = {dblp computer science bibliography, https://dblp.org}
}

@inproceedings{DBLP:conf/coordination/ViroliD14,
  author       = {Mirko Viroli and
                  Ferruccio Damiani},
  editor       = {Eva K{\"{u}}hn and
                  Rosario Pugliese},
  title        = {A Calculus of Self-stabilising Computational Fields},
  booktitle    = {Coordination Models and Languages - 16th {IFIP} {WG} 6.1 International
                  Conference, {COORDINATION} 2014},
  series       = {Lecture Notes in Computer Science},
  volume       = {8459},
  pages        = {163--178},
  publisher    = {Springer},
  year         = {2014},
  url          = {https://doi.org/10.1007/978-3-662-43376-8\_11},
  doi          = {10.1007/978-3-662-43376-8\_11},
  timestamp    = {Tue, 15 Nov 2022 15:22:35 +0100},
  biburl       = {https://dblp.org/rec/conf/coordination/ViroliD14.bib},
  bibsource    = {dblp computer science bibliography, https://dblp.org}
}

@inproceedings{DBLP:conf/coordination/AudritoBDV18,
  author       = {Giorgio Audrito and
                  Jacob Beal and
                  Ferruccio Damiani and
                  Mirko Viroli},
  editor       = {Giovanna Di Marzo Serugendo and
                  Michele Loreti},
  title        = {Space-Time Universality of Field Calculus},
  booktitle    = {Coordination Models and Languages - 20th {IFIP} {WG} 6.1 International
                  Conference, {COORDINATION} 2018},
  series       = {Lecture Notes in Computer Science},
  publisher    = {Springer},
  url          = {https://doi.org/10.1007/978-3-319-92408-3\_1},
  doi          = {10.1007/978-3-319-92408-3\_1},
  timestamp    = {Tue, 14 May 2019 10:00:42 +0200},
  biburl       = {https://dblp.org/rec/conf/coordination/AudritoBDV18.bib},
  bibsource    = {dblp computer science bibliography, https://dblp.org}
}

@article{DBLP:journals/taas/BealVPD17,
  author       = {Jacob Beal and
                  Mirko Viroli and
                  Danilo Pianini and
                  Ferruccio Damiani},
  title        = {Self-Adaptation to Device Distribution in the Internet of Things},
  journal      = {{ACM} Trans. Auton. Adapt. Syst.},
  volume       = {12},
  number       = {3},
  pages        = {12:1--12:29},
  year         = {2017},
  url          = {https://doi.org/10.1145/3105758},
  doi          = {10.1145/3105758},
  timestamp    = {Tue, 24 Mar 2020 16:17:19 +0100},
  biburl       = {https://dblp.org/rec/journals/taas/BealVPD17.bib},
  bibsource    = {dblp computer science bibliography, https://dblp.org}
}

@inproceedings{DBLP:conf/coordination/CasadeiPVN19,
  author       = {Roberto Casadei and
                  Danilo Pianini and
                  Mirko Viroli and
                  Antonio Natali},
  editor       = {Hanne Riis Nielson and
                  Emilio Tuosto},
  title        = {Self-organising Coordination Regions: {A} Pattern for Edge Computing},
  booktitle    = {Coordination Models and Languages - 21st {IFIP} {WG} 6.1 International
                  Conference, {COORDINATION} 2019, Held as Part of the 14th International
                  Federated Conference on Distributed Computing Techniques, DisCoTec
                  2019, Kongens Lyngby, Denmark, June 17-21, 2019, Proceedings},
  series       = {Lecture Notes in Computer Science},
  volume       = {11533},
  pages        = {182--199},
  publisher    = {Springer},
  year         = {2019},
  url          = {https://doi.org/10.1007/978-3-030-22397-7\_11},
  doi          = {10.1007/978-3-030-22397-7\_11},
  timestamp    = {Fri, 27 Dec 2019 21:20:22 +0100},
  biburl       = {https://dblp.org/rec/conf/coordination/CasadeiPVN19.bib},
  bibsource    = {dblp computer science bibliography, https://dblp.org}
}

@inproceedings{DBLP:conf/coordination/AguzziCV22,
  author       = {Gianluca Aguzzi and
                  Roberto Casadei and
                  Mirko Viroli},
  editor       = {Maurice H. ter Beek and
                  Marjan Sirjani},
  title        = {Towards Reinforcement Learning-based Aggregate Computing},
  booktitle    = {Coordination Models and Languages - 24th {IFIP} {WG} 6.1 International
                  Conference, {COORDINATION} 2022, Held as Part of the 17th International
                  Federated Conference on Distributed Computing Techniques, DisCoTec
                  2022, Lucca, Italy, June 13-17, 2022, Proceedings},
  series       = {Lecture Notes in Computer Science},
  volume       = {13271},
  pages        = {72--91},
  publisher    = {Springer},
  year         = {2022},
  url          = {https://doi.org/10.1007/978-3-031-08143-9\_5},
  doi          = {10.1007/978-3-031-08143-9\_5},
  timestamp    = {Thu, 23 Jun 2022 19:55:38 +0200},
  biburl       = {https://dblp.org/rec/conf/coordination/AguzziCV22.bib},
  bibsource    = {dblp computer science bibliography, https://dblp.org}
}

@inproceedings{DBLP:conf/acsos/AguzziVE23,
  author       = {Gianluca Aguzzi and
                  Mirko Viroli and
                  Lukas Esterle},
  title        = {Field-informed Reinforcement Learning of Collective Tasks with Graph
                  Neural Networks},
  booktitle    = {{IEEE} International Conference on Autonomic Computing and Self-Organizing
                  Systems, {ACSOS} 2023, Toronto, ON, Canada, September 25-29, 2023},
  pages        = {37--46},
  publisher    = {{IEEE}},
  year         = {2023},
  url          = {https://doi.org/10.1109/ACSOS58161.2023.00021},
  doi          = {10.1109/ACSOS58161.2023.00021},
  timestamp    = {Wed, 13 Dec 2023 14:38:49 +0100},
  biburl       = {https://dblp.org/rec/conf/acsos/AguzziVE23.bib},
  bibsource    = {dblp computer science bibliography, https://dblp.org}
}


@inproceedings{DBLP:conf/mir/YangLHSL024,
  author       = {Yuwen Yang and
                  Yuxiang Lu and
                  Suizhi Huang and
                  Shalayiding Sirejiding and
                  Hongtao Lu and
                  Yue Ding},
  editor       = {Cathal Gurrin and
                  Rachada Kongkachandra and
                  Klaus Schoeffmann and
                  Duc{-}Tien Dang{-}Nguyen and
                  Luca Rossetto and
                  Shin'ichi Satoh and
                  Liting Zhou},
  title        = {Federated Multi-Task Learning on Non-IID Data Silos: An Experimental
                  Study},
  booktitle    = {Proceedings of the 2024 International Conference on Multimedia Retrieval,
                  {ICMR} 2024, Phuket, Thailand, June 10-14, 2024},
  pages        = {684--693},
  publisher    = {{ACM}},
  year         = {2024},
  url          = {https://doi.org/10.1145/3652583.3657999},
  doi          = {10.1145/3652583.3657999},
  timestamp    = {Tue, 18 Jun 2024 09:24:14 +0200},
  biburl       = {https://dblp.org/rec/conf/mir/YangLHSL024.bib},
  bibsource    = {dblp computer science bibliography, https://dblp.org}
}

@article{DBLP:journals/tit/GhoshCYR22,
  author       = {Avishek Ghosh and
                  Jichan Chung and
                  Dong Yin and
                  Kannan Ramchandran},
  title        = {An Efficient Framework for Clustered Federated Learning},
  journal      = {{IEEE} Trans. Inf. Theory},
  volume       = {68},
  number       = {12},
  pages        = {8076--8091},
  year         = {2022},
  url          = {https://doi.org/10.1109/TIT.2022.3192506},
  doi          = {10.1109/TIT.2022.3192506},
  timestamp    = {Mon, 05 Dec 2022 13:33:57 +0100},
  biburl       = {https://dblp.org/rec/journals/tit/GhoshCYR22.bib},
  bibsource    = {dblp computer science bibliography, https://dblp.org}
}

@inproceedings{DBLP:conf/ecai/Li0TWXZ23,
  author       = {Xiaoying Li and
                  Xiaojun Chen and
                  Bisheng Tang and
                  Shaopu Wang and
                  Yuexin Xuan and
                  Zhendong Zhao},
  editor       = {Kobi Gal and
                  Ann Now{\'{e}} and
                  Grzegorz J. Nalepa and
                  Roy Fairstein and
                  Roxana Radulescu},
  title        = {Unsupervised Graph Structure-Assisted Personalized Federated Learning},
  booktitle    = {{ECAI} 2023 - 26th European Conference on Artificial Intelligence,
                  September 30 - October 4, 2023, Krak{\'{o}}w, Poland - Including
                  12th Conference on Prestigious Applications of Intelligent Systems
                  {(PAIS} 2023)},
  series       = {Frontiers in Artificial Intelligence and Applications},
  volume       = {372},
  pages        = {1430--1438},
  publisher    = {{IOS} Press},
  year         = {2023},
  url          = {https://doi.org/10.3233/FAIA230421},
  doi          = {10.3233/FAIA230421},
  timestamp    = {Sun, 12 Nov 2023 02:15:41 +0100},
  biburl       = {https://dblp.org/rec/conf/ecai/Li0TWXZ23.bib},
  bibsource    = {dblp computer science bibliography, https://dblp.org}
}

@article{DBLP:journals/jpdc/HegedusDJ21,
  author       = {Istv{\'{a}}n Heged{\"{u}}s and
                  G{\'{a}}bor Danner and
                  M{\'{a}}rk Jelasity},
  title        = {Decentralized learning works: An empirical comparison of gossip learning
                  and federated learning},
  journal      = {J. Parallel Distributed Comput.},
  volume       = {148},
  pages        = {109--124},
  year         = {2021},
  url          = {https://doi.org/10.1016/j.jpdc.2020.10.006},
  doi          = {10.1016/J.JPDC.2020.10.006},
  timestamp    = {Sat, 25 Dec 2021 15:52:26 +0100},
  biburl       = {https://dblp.org/rec/journals/jpdc/HegedusDJ21.bib},
  bibsource    = {dblp computer science bibliography, https://dblp.org}
}

@inproceedings{DBLP:conf/dsn/WinkN21,
  author       = {Tobias Wink and
                  Zolt{\'{a}}n Nochta},
  title        = {An Approach for Peer-to-Peer Federated Learning},
  booktitle    = {51st Annual {IEEE/IFIP} International Conference on Dependable Systems
                  and Networks Workshops, {DSN} Workshops 2021, Taipei, Taiwan, June
                  21-24, 2021},
  pages        = {150--157},
  publisher    = {{IEEE}},
  year         = {2021},
  url          = {https://doi.org/10.1109/DSN-W52860.2021.00034},
  doi          = {10.1109/DSN-W52860.2021.00034},
  timestamp    = {Mon, 26 Jun 2023 20:41:43 +0200},
  biburl       = {https://dblp.org/rec/conf/dsn/WinkN21.bib},
  bibsource    = {dblp computer science bibliography, https://dblp.org}
}

@article{DBLP:journals/tnn/TanYCY23,
  author       = {Alysa Ziying Tan and
                  Han Yu and
                  Lizhen Cui and
                  Qiang Yang},
  title        = {Towards Personalized Federated Learning},
  journal      = {{IEEE} Trans. Neural Networks Learn. Syst.},
  volume       = {34},
  number       = {12},
  pages        = {9587--9603},
  year         = {2023},
  url          = {https://doi.org/10.1109/TNNLS.2022.3160699},
  doi          = {10.1109/TNNLS.2022.3160699},
  timestamp    = {Sun, 31 Dec 2023 19:06:44 +0100},
  biburl       = {https://dblp.org/rec/journals/tnn/TanYCY23.bib},
  bibsource    = {dblp computer science bibliography, https://dblp.org}
}

@misc{GDPR,
title = {Regulation (EU) 2016/679 of the European Parliament and of the Council of 27 April 2016 on the protection of natural persons with regard to the processing of personal data and on the free movement of such data, and repealing Directive 95/46/EC (General Data Protection Regulation) (Text with EEA relevance)},
number = {119},
year = {2016},
month = {May},
pages = {1-88}}